@COMMENT{
	tipos de entradas mais comuns = {},
	article = {artigo em periódico},
	book = {livro},
	online = {recurso online ou página web}
}

@article{POPOLIN2018,
	author = {GUILHERME POPOLIN},
	title = {Meme como linguagem: o reforço de estereótipos e o discurso de ódio na internet},
	journal = {Anais do VII Seminário Internacional de Pesquisas em Mídia e Cotidiano},
	year = {2018}
}

‌@article{RedeNeuralImagem,
	author = {FACUNDO BRE and GIMENEZ, J. M. and FACHINOTTI, V.},
	title = {Prediction of wind pressure coefficients on building surfaces using Artificial Neural Networks},
	year = {2017}
}
‌

‌@article{VisualBERTArt,
	author = {Liunian Harold Li and Mark Yatskar and Da Yin nad Cho-Jui Hsieh and Kai-Wei Chang},
	title = {VisualBERT: A Simple and Performant Baseline for Vision and Language},
	publisher = {arXiv},
	year = {2019}
}

‌@article{GoogleTeamTransformers,
	author = {Ashish Vaswani and Noam Shazeer and Niki Parmar and Jakob Uszkoreit and Llion Jones and Aidan N. Gomez and Lukasz Kaiser and Illia Polosukhin},
	title = {Attention Is All You Need},
	publisher = {arXiv},
	year = {2017}
}

@article{BradleyAUROC,
	author = {BRADLEY, A. P.},
	title = {The use of the area under the ROC curve in the evaluation of machine learning algorithms},
	journal = {Pattern recognition},
	year = {1997}
}
‌

‌@article{OPITZEnsemble,
	author = {OPITZ, D. W. and MACLIN, R.},
	title = {Popular Ensemble Methods: An Empirical Study},
	journal = {journal of Artificial Intelligence Research},
	year = {1999}
}

@article{ArticleHatefulMemesChallenge2021,
	author = {Douwe Kiela and Hamed Firooz and Aravind Mohan and Vedanuj Goswami and Amanpreet Singh and Pratik Ringshia and Davide Testuggine},
	title = {The Hateful Memes Challenge: Detecting Hate Speech in Multimodal Memes},
    publisher = {arXiv},
	year = {2021}
}

@article{velioglu2020hateful,
  author = {Velioglu, Riza and Rose, Jewgeni},
  title = {Detecting Hate Speech in Memes Using Multimodal Deep Learning Approaches: Prize-winning solution to Hateful Memes Challenge}, 
  publisher = {arXiv},
  year = {2020}, 
}

@article{MicheleSligerSCRUM,
  author = {Michele Sliger},
  title = {Agile project management with Scrum}, 
  publisher = {Project Management Institute},
  url = {https://www.pmi.org/learning/library/agile-project-management-scrum-6269},
  urlaccessdate = {22 de mai. de 2023},
  year = {2011}, 
}

@book{Trindade2022,
	author = {Trindade, Luiz Valério},
	title = {Discurso de ódio nas redes sociais},
        publisher = {Jandaíra},
        address = {São Paulo, SP},
	year = {2022}
}

@book{AurelienGeron2019,
	author = {Aurélien {Géron}},
	title = {Hands-on Machine Learning with Scikit-Learn, Keras, and TensorFlow},
        publisher = {O’Reilly Media, Inc.},
        address = {Sebastopol, EUA},
        edition = {5},
	year = {2019}
}

@book{Burke2004,
	author = {BURKE, Peter},
	title = {Testemunha Ocular: história e imagem},
	publisher = {EDUSC},
	address = {Bauru, SP},
	year = {2004}
}

@book{Haykin2007,
	author = {Haykin, Simon},
	title = {{R}edes {N}eurais: Princípios e Prática},
	publisher = {Bookman},
	address = {Porto Alegre},
	edition = {2},
	year = {2007}
}

@book{RussellNorvig1995,
	author = {Stuart Russell and Peter Norvig},
	title = {Inteligência Artificial},
	publisher = {Elsevier},
        edition = {3},
	year = {2013}
}

@book{Haugeland1985,
	author = {John Haugeland},
	title = {Artificial Intelligence: The Very Idea},
	year = {1985},
	publisher = {Massachusetts: The MIT Press}
}


@movie{SocialDilemma2020,
    author = {Jeff Orlowski},
    title = {O Dilema das Redes},
    year = {2020},
    publisher = {Netflix}
}

‌‌@online{BERTImagem,
  author= {{Google Research}},
  title = {Open Sourcing BERT: State-of-the-Art Pre-training for Natural Language Processing},
  year = 2018,
  url = {https://ai.googleblog.com/2018/11/open-sourcing-bert-state-of-art-pre.html},
  urlaccessdate = {12 de mai. de 2023}
}

‌@online{RocCurveWiki,
  author = {{Wikipedia Contributors}},
  title = {Receiver operating characteristic},
  year = 2018,
  url = {https://en.wikipedia.org/wiki/Receiver_operating_characteristic},
  urlaccessdate = {12 de mai. de 2023}
}

@online{HoschMachineLearning,
  author = {Hosch, William L.},
  title = {machine learning},
  publisher = {Encyclopedia Britannica},
  year = 2023,
  url = {https://www.britannica.com/technology/machine-learning},
  urlaccessdate = {25 de mai. de 2023}
}

@online{SiteHatefulMemesChallengeandDataset2021,
  title = {Hateful Memes Challenge and Dataset},
  year = 2021,
  url = {https://ai.facebook.com/tools/hatefulmemes/},
  urlaccessdate = {8 de mai. de 2023}
}

@online{geeksforgeeks2018,
  author = {geeksforgeeks},
  title = {Effect of Bias in Neural Network},
  year = 2018,
  url = {https://www.geeksforgeeks.org/effect-of-bias-in-neural-network/},
  urlaccessdate = {3 de jun. de 2022}
}

@online{FortesTecBlog2021,
        author = {Isabel Holanda},
	title = {A influência das redes sociais na comunicação humana},
        year = {2021},
	url = {https://blog.fortestecnologia.com.br/tecnologia-e-inovacao/a-influencia-das-redes-sociais/},
	urlaccessdate = {mar. de 2023}
}

@online{MetaAIAdvances2020,
        author = {Ryan Dansby and Han Fang and Hao Ma and Chris Moghbel and Umut Ozertem and Xiaochang Peng},
	title = {AI advances to better detect hate speech},
        year = {2020},
        url = {https://ai.facebook.com/blog/ai-advances-to-better-detect-hate-speech/},
	urlaccessdate = {mar. de 2023}
}

@online{Safernet2022,
        author = {Safernet},
	title = {Denúncias de crimes de discurso de ódio e de imagens de abuso sexual infantil na internet têm crescimento em 2022},
        year = {2022},
        url = {https://new.safernet.org.br/content/denuncias-de-crimes-de-discurso-de-odio-e-de-imagens-de-abuso-sexual-infantil-na-internet},
	urlaccessdate = {mar. de 2023}
}

@online{DataReportal2022,
        author = {Simon Kemp},
	title = {Digital 2022: July Global Statshot Report},
        year = {2022},
        url = {https://datareportal.com/reports/digital-2022-july-global-statshot},
	urlaccessdate = {abr. de 2023}
}


% @article{Abedi2014,
% 	author = {Abedi, Z. and Saber, M. and Vojoudi, S. and Mahdavi, V. and Parsaeyan, E.},
% 	title = {{A}cute, sublethal, and combination effects of azadirachtin and {B}acillus thuringiensis on the cotton bollworm, {H}elicoverpa armigera},
% 	journal = {J. Insect Sci.},
% 	volume = {14},
% 	pages = {30-37},
% 	year = {2014}
% }

% @article{Agaisse1995,
% 	author = {Agaisse, H. and Lereclus, D.},
% 	title = {{H}ow does {B}acillus thuringiensis produce so much insecticidal crystal protein?},
% 	journal = {J. Bacteriol.},
% 	volume = {177},
% 	number = {21},
% 	pages = {6027-6032},
% 	year = {1995}
% }

% @article{AgapitoTenfen2014,
% 	author = {Agapito-Tenfen, S. Z. and Vilperte, V. and Benevenuto, R. F. and Rover, C. M. and Traavik, T. I. and Nodari, R. O.},
% 	title = {{E}ffect of stacking insecticidal cry and herbicide tolerance epsps transgenes on transgenic maize proteome},
% 	journal = {BMC Plant Biol},
% 	volume = {14},
% 	pages = {346},
% 	year = {2014}
% }

% @book{Nelson2014,
% 	author = {Nelson, David L. and Cox, Michael M.},
% 	title = {{P}rincípios de {B}ioquímica de {L}ehninger},
% 	publisher = {Artmed},
% 	address = {Porto Alegre},
% 	edition = {6},
% 	pages = {1328},
% 	year = {2014}
% }
